@book{godley2006monetary,
  title={Monetary economics: an integrated approach to credit, money, income, production and wealth},
  author={Godley, Wynne and Lavoie, Marc},
  year={2006},
  publisher={Springer}
}

@article{galan2009errors,
  title={Errors and artefacts in agent-based modelling},
  author={Gal{\'a}n, Jos{\'e} Manuel and Izquierdo, Luis R and Izquierdo, Segismundo S and Santos, Jos{\'e} Ignacio and Del Olmo, Ricardo and L{\'o}pez-Paredes, Adolfo and Edmonds, Bruce},
  journal={Journal of Artificial Societies and Social Simulation},
  volume={12},
  number={1},
  pages={1},
  year={2009}
}

